<record><leader>00000cas a22000007a 4500</leader><controlfield tag="001">24367641</controlfield><controlfield tag="008">910913d19171925nyudn ne      0    0eng d</controlfield><datafield ind1=" " ind2=" " tag="010"><subfield code="a">sn 91066934 </subfield></datafield><datafield ind1=" " ind2=" " tag="040"><subfield code="a">NYS</subfield><subfield code="b">eng</subfield><subfield code="c">NYS</subfield><subfield code="d">OCLCQ</subfield></datafield><datafield ind1=" " ind2=" " tag="042"><subfield code="a">msc</subfield></datafield><datafield ind1="0" ind2="4" tag="245"><subfield code="a">The Newburgh daily news and Newburgh daily journal.</subfield></datafield><datafield ind1="3" ind2="0" tag="246"><subfield code="a">Newburgh daily news, the Newburgh daily journal</subfield></datafield><datafield ind1="3" ind2="0" tag="246"><subfield code="a">Newburgh daily news, Newburgh daily journal</subfield></datafield><datafield ind1=" " ind2=" " tag="260"><subfield code="a">Newburgh, N.Y. :</subfield><subfield code="b">Newburgh News Print. &amp; Pub. Co.,</subfield><subfield code="c">1917-1925.</subfield></datafield><datafield ind1=" " ind2=" " tag="300"><subfield code="a">9 v.</subfield></datafield><datafield ind1=" " ind2=" " tag="310"><subfield code="a">Daily (except Sunday and holidays)</subfield></datafield><datafield ind1="0" ind2=" " tag="362"><subfield code="a">32nd year, no. 9808 (July 2, 1917)-40th year, no. 12274 (July 17, 1925).</subfield></datafield><datafield ind1=" " ind2=" " tag="500"><subfield code="a">Title varies slightly.</subfield></datafield><datafield ind1=" " ind2="4" tag="651"><subfield code="a">Newburgh (N.Y.)</subfield><subfield code="v">Newspapers.</subfield></datafield><datafield ind1=" " ind2=" " tag="752"><subfield code="a">United States</subfield><subfield code="b">New York</subfield><subfield code="c">Orange</subfield><subfield code="d">Newburgh.</subfield></datafield><datafield ind1="0" ind2="4" tag="780"><subfield code="t">Newburgh daily news (Newburgh, N.Y. : 1885)</subfield><subfield code="w">(DLC)sn 83031341</subfield><subfield code="w">(OCoLC)9837809</subfield></datafield><datafield ind1="0" ind2="4" tag="780"><subfield code="t">Newburgh daily journal</subfield><subfield code="w">(DLC)sn8303138741</subfield><subfield code="w">(OCoLC)9870192</subfield></datafield><datafield ind1="0" ind2="0" tag="785"><subfield code="t">Newburgh news</subfield><subfield code="w">(DLC)sn 84031288</subfield><subfield code="w">(OCoLC)10798017</subfield></datafield><datafield ind1="1" ind2=" " tag="029"><subfield code="a">AU@</subfield><subfield code="b">000025854071</subfield></datafield></record>